@article{ayob2017factors,
  author = {Ayob, A. and Yasin, R. M.},
  title = {Factors affecting attitudes towards mathematics},
  journal = {International Journal of Academic Research in Business and Social Sciences},
  volume = {7},
  number = {11},
  pages = {1100--1109},
  year = {2017}
}

@article{abc,
    author = First,
    title = Second,
    journal = 11,
    year = 2019
}
@article{blazar2017teacher,
  author = {Blazar, D. and Kraft, M. A.},
  title = {Teacher and teaching effects on studentsâ€™ attitudes and behaviors},
  journal = {Educational Evaluation and Policy Analysis},
  volume = {39},
  number = {1},
  pages = {146--170},
  year = {2017}
}

@article{dimartino2011attitude,
  author = {Di Martino, P. and Zan, R.},
  title = {Attitude towards mathematics: A bridge between beliefs and emotions},
  journal = {ZDM},
  volume = {43},
  number = {4},
  pages = {471--482},
  year = {2011}
}

@book{gallagher2005gender,
  author = {Gallagher, A. M. and Kaufman, J. C.},
  title = {Gender Differences in Mathematics: What We Know and What We Need to Know},
  publisher = {Cambridge University Press},
  year = {2005}
}

@article{haladyna1983causal,
  author = {Haladyna, T. and Shaughnessy, J. and Shaughnessy, M.},
  title = {A causal analysis of attitude toward mathematics},
  journal = {Journal for Research in Mathematics Education},
  volume = {14},
  pages = {19--29},
  year = {1983}
}
